<?xml version="1.0" encoding="UTF-8"?><collection xmlns="http://www.loc.gov/MARC21/slim"><record><leader>00715nam--2200193-i-4500</leader><controlfield tag="001">000012882</controlfield><controlfield tag="002">20161230</controlfield><controlfield tag="005">20161230201030</controlfield><controlfield tag="008">060222s1000------------r-----000-0-eng-d</controlfield><datafield ind1=" " ind2=" " tag="020"><subfield code="a">9028605436</subfield></datafield><datafield ind1=" " ind2=" " tag="040"><subfield code="a">IFIN-HH</subfield></datafield><datafield ind1=" " ind2=" " tag="080"><subfield code="a">539.12.04:538.9(061.3)</subfield></datafield><datafield ind1="1" ind2=" " tag="100"><subfield code="a">Dupuy, C.H.S</subfield></datafield><datafield ind1="1" ind2="0" tag="245"><subfield code="a">Radiation damage processes in materials</subfield><subfield code="b">Proceedings of the nato advanced study institute on radiation dammage processes in materials hled on corsica, france, august 27-september 9, 1973</subfield><subfield code="c">C.h.s. dupuy (ed.)</subfield></datafield><datafield ind1=" " ind2=" " tag="260"><subfield code="a">Leyden</subfield><subfield code="b">Noordhoff</subfield><subfield code="c">1975</subfield></datafield><datafield ind1=" " ind2=" " tag="300"><subfield code="a">VIII+534P</subfield></datafield><datafield ind1=" " ind2=" " tag="490"><subfield code="a">Nato Advanced Study Institutes Series Series E: Applied Sciences No. 8</subfield></datafield><datafield ind1=" " ind2=" " tag="852"><subfield code="a">46718</subfield><subfield code="c">539.12.04</subfield></datafield><datafield ind1=" " ind2=" " tag="CAT"><subfield code="a">Sys</subfield><subfield code="c">20120209</subfield><subfield code="h">154912</subfield></datafield></record></collection>